@article{serre,
    shorthand = {Ser},
    author = {Jean-Pierre Serre},
    title = {Homologie Singulière Des Espaces Fibrès},
    subtitle = {Applications},
    journaltitle = {Annals of Mathematics},
    year = {1951},
    month = {November},
    volume = {54},
    number = {3},
    pages = {425-505},
} 
@article{eilenberg-maclane1953,
    shorthand = {EM},
    author = {Samuel Eilenberg and Saunders MacLane},
    title = {Acyclic Models},
    journaltitle = {American Journal of Mathematics},
    year = {1953},
    month = {January},
    volume = {75},
    number = {1},
    pages = {189-199},
}
@book{hatcher,
    shorthand = {Hat},
    author = {Allen Hatcher},
    title = {Algebraic Topology},
    year = {2002},
    publisher = {Cambridge University Press},
}
@article{seminaire-cartan,
    shorthand = {Car},
    author = {Henri Cartan},
    title = {Espaces avec groupe d'opérateurs. II: la suite spectrale; applications},
    journal = {Séminaire Henri Cartan},
    year = {1950-1951},
}